@inproceedings{golle2008machine,
  title={Machine learning attacks against the Asirra CAPTCHA},
  author={Golle, Philippe},
  booktitle={Proceedings of the 15th ACM conference on Computer and communications security},
  pages={535--542},
  year={2008},
  organization={ACM}
}
@article{lecun1989backpropagation,
	title={Backpropagation applied to handwritten zip code recognition},
	author={LeCun, Yann and Boser, Bernhard and Denker, John S and Henderson, Donnie and Howard, Richard E and Hubbard, Wayne and Jackel, Lawrence D},
	journal={Neural computation},
	volume={1},
	number={4},
	pages={541--551},
	year={1989},
	publisher={MIT Press}
}
@article{simonyan2014very,
	title={Very deep convolutional networks for large-scale image recognition},
	author={Simonyan, Karen and Zisserman, Andrew},
	journal={arXiv preprint arXiv:1409.1556},
	year={2014}
}
@inproceedings{he2016deep,
	title={Deep residual learning for image recognition},
	author={He, Kaiming and Zhang, Xiangyu and Ren, Shaoqing and Sun, Jian},
	booktitle={Proceedings of the IEEE conference on computer vision and pattern recognition},
	pages={770--778},
	year={2016}
}
@article{chollet2016xception,
	title={Xception: Deep Learning with Depthwise Separable Convolutions},
	author={Chollet, Fran{\c{c}}ois},
	journal={arXiv preprint arXiv:1610.02357},
	year={2016}
}
@inproceedings{szegedy2016rethinking,
	title={Rethinking the inception architecture for computer vision},
	author={Szegedy, Christian and Vanhoucke, Vincent and Ioffe, Sergey and Shlens, Jon and Wojna, Zbigniew},
	booktitle={Proceedings of the IEEE Conference on Computer Vision and Pattern Recognition},
	pages={2818--2826},
	year={2016}
}
@inproceedings{szegedy2017inception,
	title={Inception-v4, Inception-ResNet and the Impact of Residual Connections on Learning.},
	author={Szegedy, Christian and Ioffe, Sergey and Vanhoucke, Vincent and Alemi, Alexander A},
	booktitle={AAAI},
	pages={4278--4284},
	year={2017}
}
@article{howard2017mobilenets,
	title={Mobilenets: Efficient convolutional neural networks for mobile vision applications},
	author={Howard, Andrew G and Zhu, Menglong and Chen, Bo and Kalenichenko, Dmitry and Wang, Weijun and Weyand, Tobias and Andreetto, Marco and Adam, Hartwig},
	journal={arXiv preprint arXiv:1704.04861},
	year={2017}
}